<?xml version="1.0" encoding="UTF-8"?><record xmlns="http://www.loc.gov/MARC21/slim" xmlns:cinclude="http://apache.org/cocoon/include/1.0" xmlns:zs="http://www.loc.gov/zing/srw/">
  <leader>00580nz  a2200133n  4500</leader>
  <controlfield tag="001">no2007105157</controlfield>
  <controlfield tag="003">DLC</controlfield>
  <controlfield tag="005">20070909075334.0</controlfield>
  <controlfield tag="008">070907n| acannaabn          |n aaa     c</controlfield>
  <datafield tag="010" ind1=" " ind2=" ">
    <subfield code="a">no2007105157</subfield>
  </datafield>
  <datafield tag="035" ind1=" " ind2=" ">
    <subfield code="a">(OCoLC)oca07516826</subfield>
  </datafield>
  <datafield tag="040" ind1=" " ind2=" ">
    <subfield code="a">DCS</subfield>
    <subfield code="b">eng</subfield>
    <subfield code="c">DCS</subfield>
  </datafield>
  <datafield tag="100" ind1="1" ind2=" ">
    <subfield code="a">Mikheev, Vladimir P.,</subfield>
    <subfield code="d">1928-</subfield>
  </datafield>
  <datafield tag="670" ind1=" " ind2=" ">
    <subfield code="a">U.S. Cong. House. Comm. on Un-American Activities. Hearings on attempts at subversion and espionage by diplomatic personnel, 1956:</subfield>
    <subfield code="b">p. 5843 (Vladimir P. Mikheev; clerk in the office of the military attacheĚ at the Soviet Embassy in Washington DC; b. Apr. 11, 1928 in Russia)</subfield>
  </datafield>
</record>